%%%%%%%%%%%%%%%%%%%%%
%%% DIALECTOMETRY %%%
%%%%%%%%%%%%%%%%%%%%%

@inproceedings{kaasen2020comparing,
  title={Comparing methods for measuring dialect similarity in {N}orwegian},
  author={K{\aa}sen, Andre and Hagen, Kristin and Johannessen, Janne Bondi and N{\o}klestad, Anders and Priestley, Joel},
  year={2020},
  publisher={European Language Resources Association},
  booktitle = "Proceedings of the 12 {C}onference on {L}anguage {R}esources and {E}valuation ({LREC} 2020)",
    address = "Marseille",
    pages = "5343--5350",
}

@article{gooskens2006relative,
  title={The relative contribution of pronunciational, lexical, and prosodic differences to the perceived distances between {N}orwegian dialects},
  author={Gooskens, Charlotte and Heeringa, Wilbert},
  journal={Literary and Linguistic Computing},
  volume={21},
  number={4},
  pages={477--492},
  year={2006},
  doi = {10.1093/llc/fql038},
}

@article{heeringa2009measuring,
  title={Measuring Norwegian dialect distances using acoustic features},
  author={Heeringa, Wilbert and Johnson, Keith and Gooskens, Charlotte},
  journal={Speech Communication},
  volume={51},
  number={2},
  pages={167--183},
  year={2009},
  publisher={Elsevier}
}

@article{heeringa2003norwegian,
  title={Norwegian dialects examined perceptually and acoustically},
  author={Heeringa, Wilbert and Gooskens, Charlotte},
  journal={Computers and the Humanities},
  volume={37},
  number={3},
  pages={293--315},
  year={2003},
  publisher={Springer}
}

@phdthesis{heeringa2004measuring,
  title={Measuring dialect pronunciation differences using Levenshtein distance},
  author={Heeringa, Wilbert},
  year={2004},
  school={University of Groningen}
}

@article{beijering2008predicting,
  title={Predicting intelligibility and perceived linguistic distance by means of the Levenshtein algorithm},
  author={Beijering, Karin and Gooskens, Charlotte and Heeringa, Wilbert},
  journal={Linguistics in the Netherlands},
  volume={25},
  number={1},
  pages={13--24},
  year={2008},
  publisher={John Benjamins}
}

@article{wieling2011bipartite,
  title={Bipartite spectral graph partitioning for clustering dialect varieties and detecting their linguistic features},
  author={Wieling, Martijn and Nerbonne, John},
  journal={Computer Speech \& Language},
  volume={25},
  number={3},
  pages={700--715},
  year={2011},
  publisher={Elsevier}
}


%%%%%%%%%%%%%%%%%%%%%%%%%%%%%%
%%% DIALECT DISAMBIGUATION %%%
%%%%%%%%%%%%%%%%%%%%%%%%%%%%%%

@inproceedings{zampieri2017vardial1,
    title = "Findings of the {V}ar{D}ial Evaluation Campaign 2017",
    author = {Zampieri, Marcos  and
      Malmasi, Shervin  and
      Ljube{\v{s}}i{\'c}, Nikola  and
      Nakov, Preslav  and
      Ali, Ahmed  and
      Tiedemann, J{\"o}rg  and
      Scherrer, Yves  and
      Aepli, No{\"e}mi},
    booktitle = "Proceedings of the Fourth Workshop on {NLP} for Similar Languages, Varieties and Dialects ({V}ar{D}ial 2017)",
    year = "2017",
    address = "Valencia, Spain",
    publisher = "Association for Computational Linguistics",
    url = "https://www.aclweb.org/anthology/W17-1201",
    doi = "10.18653/v1/W17-1201",
    pages = "1--15",
}

@inproceedings{zampieri2018vardial2,
    title = "Language Identification and Morphosyntactic Tagging: The Second {V}ar{D}ial Evaluation Campaign",
    author = {Zampieri, Marcos  and
      Malmasi, Shervin  and
      Nakov, Preslav  and
      Ali, Ahmed  and
      Shon, Suwon  and
      Glass, James  and
      Scherrer, Yves  and
      Samard{\v{z}}i{\'c}, Tanja  and
      Ljube{\v{s}}i{\'c}, Nikola  and
      Tiedemann, J{\"o}rg  and
      van der Lee, Chris  and
      Grondelaers, Stefan  and
      Oostdijk, Nelleke  and
      Speelman, Dirk  and
      van den Bosch, Antal  and
      Kumar, Ritesh  and
      Lahiri, Bornini  and
      Jain, Mayank},
    booktitle = "Proceedings of the Fifth Workshop on {NLP} for Similar Languages, Varieties and Dialects ({V}ar{D}ial 2018)",
    year = "2018",
    address = "Santa Fe, New Mexico, USA",
    publisher = "Association for Computational Linguistics",
    url = "https://www.aclweb.org/anthology/W18-3901",
    pages = "1--17",
}

@inproceedings{zampieri2019vardial3,
    title = "A Report on the Third {V}ar{D}ial Evaluation Campaign",
    author = "Zampieri, Marcos  and
      Malmasi, Shervin  and
      Scherrer, Yves  and
      Samard{\v{z}}i{\'c}, Tanja  and
      Tyers, Francis  and
      Silfverberg, Miikka  and
      Klyueva, Natalia  and
      Pan, Tung-Le  and
      Huang, Chu-Ren  and
      Ionescu, Radu Tudor  and
      Butnaru, Andrei M.  and
      Jauhiainen, Tommi",
    booktitle = "Proceedings of the Sixth Workshop on {NLP} for Similar Languages, Varieties and Dialects ({V}ar{D}ial 2019)",
    year = "2019",
    address = "Ann Arbor, Michigan, USA",
    publisher = "Association for Computational Linguistics",
    url = "https://www.aclweb.org/anthology/W19-1401",
    doi = "10.18653/v1/W19-1401",
    pages = "1--16",
}

@inproceedings{gaman2020vardial4,
    title = "A Report on the {V}ar{D}ial Evaluation Campaign 2020",
    author = "G\u{a}man, Mihaela  and
      Hovy, Dirk  and
      Ionescu, Radu Tudor  and
      Jauhiainen, Heidi  and
      Jauhiainen, Tommi  and
      Lind{\'e}n, Krister  and
      Ljube{\v{s}}i{\'c}, Nikola  and
      Partanen, Niko  and
      Purschke, Christoph  and
      Scherrer, Yves  and
      Zampieri, Marcos",
    booktitle = "Proceedings of the Seventh Workshop on {NLP} for Similar Languages, Varieties and Dialects ({V}ar{D}ial 2020)",
    year = "2020",
    address = "Barcelona, Spain (Online)",
    publisher = "International Committee on Computational Linguistics (ICCL)",
    url = "https://www.aclweb.org/anthology/2020.vardial-1.1",
    pages = "1--14",
}

@inproceedings{chakravarthi2021vardial5,
    title = "Findings of the {V}ar{D}ial Evaluation Campaign 2021",
    author = "Chakravarthi, Bharathi Raja  and
      G\u{a}man, Mihaela  and
      Ionescu, Radu Tudor  and
      Jauhiainen, Heidi  and
      Jauhiainen, Tommi  and
      Lind{\'e}n, Krister  and
      Ljube{\v{s}}i{\'c}, Nikola  and
      Partanen, Niko  and
      Priyadharshini, Ruba  and
      Purschke, Christoph  and
      Rajagopal, Eswari  and
      Scherrer, Yves  and
      Zampieri, Marcos",
    booktitle = "Proceedings of the Eighth Workshop on NLP for Similar Languages, Varieties and Dialects ({V}ar{D}ial 2021)",
    year = "2021",
    address = "Kiyv, Ukraine",
    publisher = "Association for Computational Linguistics",
    url = "https://www.aclweb.org/anthology/2021.vardial-1.1",
    pages = "1--11",
}

@inproceedings{malmasi2017vardial,
    title = "{G}erman Dialect Identification in Interview Transcriptions",
    author = "Malmasi, Shervin  and
      Zampieri, Marcos",
    booktitle = "Proceedings of the Fourth Workshop on {NLP} for Similar Languages, Varieties and Dialects ({V}ar{D}ial)",
    year = "2017",
    address = "Valencia, Spain",
    publisher = "Association for Computational Linguistics",
    url = "https://www.aclweb.org/anthology/W17-1220",
    doi = "10.18653/v1/W17-1220",
    pages = "164--169",
}

@inproceedings{bestgen2017vardial,
    title = "Improving the Character Ngram Model for the {DSL} Task with {BM}25 Weighting and Less Frequently Used Feature Sets",
    author = "Bestgen, Yves",
    booktitle = "Proceedings of the Fourth Workshop on {NLP} for Similar Languages, Varieties and Dialects ({V}ar{D}ial)",
    year = "2017",
    address = "Valencia, Spain",
    publisher = "Association for Computational Linguistics",
    url = "https://www.aclweb.org/anthology/W17-1214",
    doi = "10.18653/v1/W17-1214",
    pages = "115--123",
}

@inproceedings{coltekin2018vardial,
    title = {{T}{\"u}bingen-{O}slo Team at the {V}ar{D}ial 2018 Evaluation Campaign: An Analysis of N-gram Features in Language Variety Identification},
    author = {{\c{C}}{\"o}ltekin, {\c{C}}a{\u{g}}r{\i}  and
      Rama, Taraka  and
      Blaschke, Verena},
    booktitle = "Proceedings of the Fifth Workshop on {NLP} for Similar Languages, Varieties and Dialects ({V}ar{D}ial 2018)",
    year = "2018",
    address = "Santa Fe, New Mexico, USA",
    publisher = "Association for Computational Linguistics",
    url = "https://www.aclweb.org/anthology/W18-3906",
    pages = "55--65",
}

@inproceedings{coltekin2020vardial,
    title = "Dialect Identification under Domain Shift: Experiments with Discriminating {R}omanian and {M}oldavian",
    author = {{\c{C}}{\"o}ltekin, {\c{C}}a{\u{g}}r{\i}},
    booktitle = "Proceedings of the 7th Workshop on NLP for Similar Languages, Varieties and Dialects",
    year = "2020",
    address = "Barcelona, Spain (Online)",
    publisher = "International Committee on Computational Linguistics (ICCL)",
    url = "https://www.aclweb.org/anthology/2020.vardial-1.17",
    pages = "186--192",
}
