%%%%%%%%%%%%%%%%%%%%%%%%%%%%%%
%%% NORWEGIAN DIALECTOLOGY %%%
%%%%%%%%%%%%%%%%%%%%%%%%%%%%%%

@incollection{jahr1990dialekter,
  author      = "Jahr, Ernst H{\aa}kon",
  title       = "Dialekter og dialektbruk i {N}orge \text{[}{D}ialects and dialect use in {N}orway\text{]}",
  pages       = "7--28",
  crossref    = {jahr1990dialektboka},
}

@incollection{lie1990indre,
  title       = {Indre {{\O}}stlandet \text{[}{I}nner {{\O}}stlandet\text{]}},
  author      = {Lie, Svein},
  pages       = {101--117},
  crossref    = {jahr1990dialektboka},
}

@incollection{wiggen1990oslo,
  title       = {Oslo bym{\aa}l \text{[}{O}slo dialect\text{]}},
  author      = {Lie, Svein},
  pages       = {179--184},
  crossref    = {jahr1990dialektboka},
}

@incollection{bull1990troms-finmark,
  title       = {M\aa{}let i {T}roms og {F}inmark \text{[}{T}he language of {T}roms and {F}inmark\text{]}},
  author      = {Bull, Tove},
  pages       = {157--177},
  crossref    = {jahr1990dialektboka},
}

@incollection{endresen1990vikvaersk,
  title       = {Vikv{\ae}rsk--m{\aa}let i {{\O}}stfold, {V}estfold, {G}renland og {N}edre {B}uskerud \text{[}{V}ikv{\ae}rsk--the language of {{\O}}stfold, {V}estfold, {G}renland and {L}ower {B}uskerud\text{]}},
  author      = {Endresen, Rolf Theil},
  pages       = {89--99},
  crossref    = {jahr1990dialektboka},
}

@incollection{dalen1990troendersk,
  title       = {Dei tr\o{}nderske dialektane \text{[}{T}he \textit{{T}r\o{}nder} dialects\text{]}},
  author      = {Dalen, Arnold},
  pages       = {119--139},
  crossref    = {jahr1990dialektboka},
}

@incollection{sandoey1996vestlandet,
  title       = {Vestlandet---der fjordane batt folket saman \text{[}{W}est {N}orway---where the fjords bound people together\text{]}},
  author      = {Sand\o{}y, Helge},
  pages       = {63--87},
  crossref    = {jahr1990dialektboka},
}

@book{jahr1990dialektboka,
  editor      = "Jahr, Ernst H{\aa}kon",
  title       = "Den store dialektboka \text{[}{T}he large dialect book\text{]}",
  booktitle   = "Den store dialektboka",
  publisher   = "Novus",
  address     = "Oslo",
  year        = 1990,
}

@book{hanssen2010dialekter,
  author      = "Hanssen, Eskil",
  title       = "Dialekter i {N}orge \text{[}{D}ialects in {N}orway\text{]}",
  publisher   = "Fagbokforlaget",
  address     = "Bergen",
  year        = 2010,
}

@book{sandoey1991dialektkunnskap,
  author      = "Sand{\o}y, Helge",
  title   = "Norsk dialektkunnskap \text{[}{N}orwegian dialect studies\text{]}",
  publisher   = "Novus",
  address     = "Oslo",
  year        = 1991,
  edition     = 2,
}

@incollection{jahr1996dialektane,
  title={Dialektane i indre {T}roms: {B}ardu og {M}{\aa}lselv \text{[}{T}he dialects of {I}nner {T}roms: {B}ardu and {M}{\aa}lselv\text{]}},
  author={Jahr, Ernst H{\aa}kon},
  pages={180--184},
  crossref={jahr1996nordnorske}
}

@incollection{hanssen1996nordland,
  title       = {Dialektene i {N}ordland \text{[}{T}he dialects of  {N}ordland\text{]}},
  author      = {Hanssen, Eskil},
  pages       = {121--133},
  crossref    = {jahr1990dialektboka},
}

@incollection{jahr1996oversyn,
  title={Oversyn over nordnorske dialektar: Kart og m{\aa}lpr{\o}ver \text{[}{O}verview of {N}orthern {N}orwegian dialects: Maps and dialect excerpts\text{]}},
  author={Jahr, Ernst H{\aa}kon and Skare, Olav},
  pages={9--78},
  crossref={jahr1996nordnorske}
}

@book{jahr1996nordnorske,
  booktitle={Nordnorske dialektar},
  title={Nordnorske dialektar \text{[}{N}orth {N}orwegian dialects\text{]}},
  editor={Jahr, Ernst H{\aa}kon and Skare, Olav},
  year={1996},
  publisher={Novus forlag},
  address={Oslo}
}

@book{haarstad2013spraak,
    author = "H{\aa}rstad, Stian and Opsahl, Tore",
    title = "Spr{\aa}k i byen: Utviklingslinjer i urbane spr{\aa}kmilj{\o}er i {N}orge \text{[}{L}anguage in the city: Trends in urban linguistic environments in {N}orway\text{]}",
    year = 2013,
    publisher  = "Fagbokforlaget",
    address = "Oslo"
}

@book{maehlum2012dialektlandskapet,
  title={Det norske dialektlandskapet: Innføring i studiet av dialekter \text{[}{T}he Norwegian dialect landscape: Introduction to dialectology\text{]}},
  author={M{\ae}hlum, Brit and R{\o}yneland, Unn},
  publisher={Cappelen Damm Akademisk},
  year={2012},
  place={Oslo}
}

@book{papazian2005norsk,
  title={Norsk talem{\aa}l: lokal og sosial variasjon \text{[}Spoken Norwegian: local and social variation\text{]}},
  author={Papazian, Eric and Helleland, Botolv},
  year={2005},
  publisher={H{\o}yskoleforlaget},
  address={Kristiansand}
}

@book{kristoffersen2000phonology,
  title={The phonology of {N}orwegian},
  author={Kristoffersen, Gjert},
  year={2000},
  publisher={Oxford University Press},
  address={Oxford},
  series={The Phonology of the World's Languages}
}

@incollection{johansen2007vinning,
  title={Vinning og tap: Ei kvalitativ tiln{\ae}rming til spr{\aa}kbytte og spr{\aa}kbevaring i ei nordnorsk kystbygd \text{[}{W}ins and losses: A qualitative approach to language change and language preservation in a coastal village in {N}orthern {N}orway\text{]}},
  author={Johansen, {\AA}se Mette},
  year={2007},
  booktitle={Spr{\aa}k og spr{\aa}kforhold i S{\'a}pmi},
  editor={Bull, Tove and Kusmebko, Juirj and Rie{\ss}ler, Michael},
  address={Berlin},
  publisher={Nordeuropa-Institut},
  series       = {Berliner Beitr{\"a}ge zur Skandinavistik},
  volume       = 11,
  pages={153--172}
}

@article{gooskens2005norwegians,
    title={How well can {N}orwegians identify their dialects?}, 
    volume={28}, 
    number={1}, 
    journal={Nordic Journal of Linguistics},
    publisher={Cambridge University Press}, 
    author={Gooskens, Charlotte}, 
    year={2005}, 
    pages={37–60}
}

@article{aa2016metodologiske,
    title={Metodologiske og teoretiske utfordringar for generative dialektologar \text{[}{M}ethodological and theoretical challenges for generative dialectologists\text{]}},
    volume={33}, 
    number={2}, 
    journal={Norsk Lingvistisk Tidsskrift}, 
    author={Aa, Leiv Inge}, 
    year={2016}, 
}

@article{ommeren2019tonefall,
    title={Det folkelingvistiske konseptet ``tonefall'': Ei sosiolingvistisk utforskning av prosodiens indeksikalitet \text{[}{T}he folk linguistic concept of ``accent/prosody'': A sociolinguistic study of the indexicality of prosody\text{]}},
    volume={111}, url={http://ojs.novus.no/index.php/MOM/article/view/1655},
    number={1},
    journal={Maal og Minne},
    author={van Ommeren, Rikke and Kveen, Perlaug Marie}, year={2019}
}

@inproceedings{kvale1997counting,
author = {Kvale, Knut and Foldvik, Arne Kjell},
year = {1997},
title = {Old customs die hard: The `new' way of counting in {N}orwegian is still new},
booktitle = {Proceedings of the 9th {S}wedish {P}honetics {C}onference (Fonetik-97)},
address = {Ume\aa},
pages = {113--116}
}

@article{papazian2008dedykkdere,
    title={De---dykk---dere. {A}ndre person flertall i nordisk, særlig norsk \text{[}{D}e---dykk---dere. {S}econd person plural in {S}candinavian languages, {N}orwegian in particular\text{]}},
    volume={100}, 
    number={1},
    journal={Maal og Minne},
    author={Papazian, Eric},
    year={2008},
    pages={69--97}
}

@book{bardhdal1997nordiska,
  title={Nordiska: V{\aa}ra spr{\aa}k f{\"o}rr och nu},
  author={Bar\dh{}dal, Johanna and J{\"o}rgensen, Nils and Larsen, Gorm and Martinussen, Bente},
  year={1997},
  publisher={Studentlitteratur}
}

@incollection{jensen2003mange-meget,
    title="Ordene  \textit{mange} og \textit{meget}. {E}t par eksempler  på  ordgeografi  i nordisk  perspektiv \text{[}{T}he words \textit{many} and \textit{much}. {A} few examples of lexical geography from a {N}ordic perspective\text{]}",
    author={Jensen, Anette},
    year={2003},
    booktitle={Nordisk dialektologi},
    editor={Akselberg, Gunnstein and B{\o}dal, Anne Marit and Sand{\o}y, Helge},
    publisher={Novus},
    address={Oslo},
    pages={359--374}
}
