%%%%%%%%%%%%%%%%%%%%%%%%%%%%%%
%%% NORWEGIAN DIALECT DATA %%%
%%%%%%%%%%%%%%%%%%%%%%%%%%%%%%

@inproceedings{johannessen2009nordic,
    title = "The {N}ordic {D}ialect {C}orpus: An advanced research tool",
    author = "Johannessen, Janne Bondi and Priestley, Joel James and Hagen, Kristin and {\AA}farli, Tor Anders  and Vangsnes, {\O}ystein Alexander",
    booktitle = "Proceedings of the 17th {N}ordic {C}onference of {C}omputational {L}inguistics ({NODALIDA} 2009)",
    year = "2009",
    address = "Odense, Denmark",
    publisher = "Northern European Association for Language Technology (NEALT)",
    pages = "73--80",
    note = {\url{http://tekstlab.uio.no/nota/scandiasyn/}}
}

@incollection{johannessen2014multilingual,
  author={Johannessen, Janne Bondi and Vangsnes, {\O}ystein Alexander and Priestley, Joel and Hagen, Kristin},
  title={A multilingual speech corpus of {N}orth-{G}ermanic languages},
  booktitle    = {Spoken Corpora and Linguistic Studies},
  publisher= {John Benjamins Publishing Company},
  year         = 2014,
  editor       = {Raso, Tommaso and Mello, Heliana},
  pages={69--83},
  address      = {Amsterdam},
  series       = {Studies in Corpus Linguistics},
  volume       = 61,
}

@unpublished{johannessen2009transkripsjonsrettleiing,
author  = {Johannessen, Janne Bondi and Hagen, Kristin and H{\aa}berg, Live and  Laake, Signe and S{\o}ftelandog, {\AA}shild and Vangsnes, {\O}ystein Alexander},
title   = {Transkripsjonsrettleiing for {ScanDiaSyn} \text{[}{T}ranscription guidelines for {ScanDiaSyn}\text{]}},
year = 2009,
note    = "Unpublished manual. Retrieved from \href{http://tekstlab.uio.no/nota/scandiasyn/Transkripsjonsrettleiing\%20for\%20ScanDiaSyn.pdf}{\texttt{http://tekstlab.uio.no/nota/scandiasyn/Transkripsjonsrettleiing\%20for \%20ScanDiaSyn.pdf}} (October 28, 2020)."
}

@unpublished{laake2009oversettelse,
author  = {Laake, Signe and  Gjermundsen, Ingebj{\o}rg F{\o}r and Grov, Astrid and  Hagen, Kristin and Johannessen, Janne Bondi and Kinn, Kari and Lykke, Alexander and Olsen, Eirik},
title   = {Nordisk dialektkorpus: Oversettelse fra dialekt til bokmål \text{[}{N}ordic dialect corpus: Translation from dialect to {B}okmål\text{]}},
year = 2011,
note    = "Unpublished manual. Retrieved from \url{http://tekstlab.uio.no/nota/scandiasyn/oversetter-veiledning.pdf} (October 28, 2020)."
}
