%%%%%%%%%%%%%%%%%%%%%%%%%%%%%%%%%%%%
%%% EXPLAINABLE MACHINE LEARNING %%%
%%%%%%%%%%%%%%%%%%%%%%%%%%%%%%%%%%%%

@article{lipton2018mythos,
    author = {Lipton, Zachary C.},
    title = {The Mythos of Model Interpretability: In Machine Learning, the Concept of Interpretability is Both Important and Slippery.},
    year = {2018},
    issue_date = {May-June 2018},
    publisher = {Association for Computing Machinery},
    address = {New York, NY, USA},
    volume = {16},
    number = {3},
    issn = {1542-7730},
    url = {https://doi.org/10.1145/3236386.3241340},
    doi = {10.1145/3236386.3241340},
    journal = {Queue},
    pages = {31–57},
    numpages = {27}
}

@article{barredo-arrieta2020explainable,
  title={Explainable Artificial Intelligence ({XAI}): Concepts, taxonomies, opportunities and challenges toward responsible AI},
  author={Barredo Arrieta, Alejandro and D{\'\i}az-Rodr{\'\i}guez, Natalia and Del Ser, Javier and Bennetot, Adrien and Tabik, Siham and Barbado, Alberto and Garcia, Salvador and Gil-Lopez, Sergio and Molina, Daniel and Benjamins, Richard and others},
  journal={Information Fusion},
  volume={58},
  pages={82--115},
  year={2020}
}

@article{belinkov2019analysis,
  title={Analysis methods in neural language processing: A survey},
  author={Belinkov, Yonatan and Glass, James},
  journal={Transactions of the Association for Computational Linguistics},
  volume={7},
  pages={49--72},
  year={2019},
  publisher={MIT Press}
}

@article{rudin2019stop,
  title={Stop explaining black box machine learning models for high stakes decisions and use interpretable models instead},
  author={Rudin, Cynthia},
  journal={Nature Machine Intelligence},
  volume={1},
  number={5},
  pages={206--215},
  year={2019},
  publisher={Nature Publishing Group}
}

@inproceedings{liu2019towards,
    title = "Towards Explainable {NLP}: A Generative Explanation Framework for Text Classification",
    author = "Liu, Hui  and
      Yin, Qingyu  and
      Wang, William Yang",
    booktitle = "Proceedings of the 57th Annual Meeting of the Association for Computational Linguistics",
    year = "2019",
    address = "Florence, Italy",
    publisher = "Association for Computational Linguistics",
    url = "https://www.aclweb.org/anthology/P19-1560",
    doi = "10.18653/v1/P19-1560",
    pages = "5570--5581",
}

@inproceedings{ribeiro2016lime,
author = {Ribeiro, Marco Tulio and Singh, Sameer and Guestrin, Carlos},
title = {``{W}hy Should {I} Trust You?'': Explaining the Predictions of Any Classifier},
year = {2016},
publisher = {Association for Computing Machinery},
address = {New York, NY, USA},
doi = {10.1145/2939672.2939778},
booktitle = {Proceedings of the 22nd ACM SIGKDD International Conference on Knowledge Discovery and Data Mining},
pages = {1135–1144},
location = {San Francisco, California, USA},
series = {KDD '16}
}

@inproceedings{slack2020fooling,
author = {Slack, Dylan and Hilgard, Sophie and Jia, Emily and Singh, Sameer and Lakkaraju, Himabindu},
title = {Fooling {LIME} and {SHAP}: Adversarial Attacks on Post Hoc Explanation Methods},
year = {2020},
isbn = {9781450371100},
publisher = {Association for Computing Machinery},
address = {New York, NY, USA},
doi = {10.1145/3375627.3375830},
booktitle = {Proceedings of the AAAI/ACM Conference on AI, Ethics, and Society},
pages = {180–186},
location = {New York, NY, USA},
series = {AIES '20}
}

@InProceedings{garreau2020explaining,
  title = 	 {Explaining the Explainer: A First Theoretical Analysis of {LIME}},
  author =       {Garreau, Damien and von Luxburg, Ulrike},
  booktitle = 	 {Proceedings of the 23rd International Conference on Artificial Intelligence and Statistics},
  pages = 	 {1287--1296},
  year = 	 {2020},
  editor = 	 {Silvia Chiappa and Roberto Calandra},
  volume = 	 {108},
  series = 	 {Proceedings of Machine Learning Research},
  publisher =    {PMLR},
}

@article{baehrens2010explain,
  title={How to explain individual classification decisions},
  author={Baehrens, David and Schroeter, Timon and Harmeling, Stefan and Kawanabe, Motoaki and Hansen, Katja and M{\"u}ller, Klaus-Robert},
  journal={Journal of Machine Learning Research},
  volume={11},
  number  = {61},
  pages={1803--1831},
  year={2010},
}

@inproceedings{deyoung2020eraser,
    title = "{ERASER}: {A} Benchmark to Evaluate Rationalized {NLP} Models",
    author = "DeYoung, Jay  and
      Jain, Sarthak  and
      Rajani, Nazneen Fatema  and
      Lehman, Eric  and
      Xiong, Caiming  and
      Socher, Richard  and
      Wallace, Byron C.",
    booktitle = "Proceedings of the 58th Annual Meeting of the Association for Computational Linguistics",
    year = "2020",
    publisher = "Association for Computational Linguistics",
    doi = "10.18653/v1/2020.acl-main.408",
    pages = "4443--4458",
}

@article{mathew2020hatexplain,
  title={{HateXplain}: A Benchmark Dataset for Explainable Hate Speech Detection},
  author={Mathew, Binny and Saha, Punyajoy and Yimam, Seid Muhie and Biemann, Chris and Goyal, Pawan and Mukherjee, Animesh},
  journal={arXiv preprint arXiv:2012.10289},
  year={2020},
  note={Accepted at AAAI 2021.}
}

@inproceedings{treviso2020explanation-game,
    title = "The Explanation Game: Towards Prediction Explainability through Sparse Communication",
    author = "Treviso, Marcos  and
      Martins, Andr{\'e} F. T.",
    booktitle = "Proceedings of the Third BlackboxNLP Workshop on Analyzing and Interpreting Neural Networks for NLP",
    year = "2020",
    address = "Online",
    publisher = "Association for Computational Linguistics",
    url = "https://www.aclweb.org/anthology/2020.blackboxnlp-1.10",
    doi = "10.18653/v1/2020.blackboxnlp-1.10",
    pages = "107--118",
}

@inproceedings{risch2020offensive,
    title = "Offensive Language Detection Explained",
    author = "Risch, Julian  and
      Ruff, Robin  and
      Krestel, Ralf",
    booktitle = "Proceedings of the Second Workshop on Trolling, Aggression and Cyberbullying",
    year = "2020",
    address = "Marseille, France",
    publisher = "European Language Resources Association (ELRA)",
    url = "https://www.aclweb.org/anthology/2020.trac-1.22",
    pages = "137--143",
    language = "English",
    ISBN = "979-10-95546-56-6",
}

@inproceedings{feng2018pathologies,
    title = "Pathologies of Neural Models Make Interpretations Difficult",
    author = "Feng, Shi  and
      Wallace, Eric  and
      Grissom II, Alvin  and
      Iyyer, Mohit  and
      Rodriguez, Pedro  and
      Boyd-Graber, Jordan",
    booktitle = "Proceedings of the 2018 Conference on Empirical Methods in Natural Language Processing",
    year = "2018",
    address = "Brussels, Belgium",
    publisher = "Association for Computational Linguistics",
    url = "https://www.aclweb.org/anthology/D18-1407",
    doi = "10.18653/v1/D18-1407",
    pages = "3719--3728",
}

@inproceedings{ross2017right,
  title={Right for the Right Reasons: Training Differentiable Models by Constraining their Explanations},
  author={Ross, Andrew Slavin and Hughes, Michael C and Doshi-Velez, Finale},
  year={2017},
  booktitle={Proceedings of the Twenty-Sixth International Joint Conference on Artificial Intelligence (IJCAI-17)},
  pages={2662--2670}
}


%%%%%%%%%%%%%%%%%
%%% ATTENTION %%%
%%%%%%%%%%%%%%%%%

@inproceedings{bahdanau2014jointly,
  author    = {Dzmitry Bahdanau and
               Kyunghyun Cho and
               Yoshua Bengio},
  editor    = {Yoshua Bengio and
               Yann LeCun},
  title     = {Neural Machine Translation by Jointly Learning to Align and Translate},
  booktitle = {Proceedings of the 3rd International Conference on Learning Representations, {ICLR} 2015},
  year      = {2015},
  place = {San Diego, CA, USA},
  url       = {http://arxiv.org/abs/1409.0473},
}

@inproceedings{vaswani2017attention-all,
 author = {Vaswani, Ashish and Shazeer, Noam and Parmar, Niki and Uszkoreit, Jakob and Jones, Llion and Gomez, Aidan N and Kaiser, \L ukasz and Polosukhin, Illia},
 booktitle = {Advances in Neural Information Processing Systems},
 editor = {I. Guyon and U. V. Luxburg and S. Bengio and H. Wallach and R. Fergus and S. Vishwanathan and R. Garnett},
 pages = {},
 publisher = {Curran Associates, Inc.},
 title = {Attention is All you Need},
 url = {https://proceedings.neurips.cc/paper/2017/file/3f5ee243547dee91fbd053c1c4a845aa-Paper.pdf},
 volume = {30},
 year = {2017}
}

@inproceedings{yang2016hierarchical,
    title = "Hierarchical Attention Networks for Document Classification",
    author = "Yang, Zichao  and
      Yang, Diyi  and
      Dyer, Chris  and
      He, Xiaodong  and
      Smola, Alex  and
      Hovy, Eduard",
    booktitle = "Proceedings of the 2016 Conference of the North {A}merican Chapter of the Association for Computational Linguistics: Human Language Technologies",
    year = "2016",
    address = "San Diego, California, USA",
    publisher = "Association for Computational Linguistics",
    url = "https://www.aclweb.org/anthology/N16-1174",
    doi = "10.18653/v1/N16-1174",
    pages = "1480--1489",
}

@article{du2018text,
  title={Text classification research with attention-based recurrent neural networks},
  author={Du, Changshun and Huang, Lei},
  journal={International Journal of Computers Communications \& Control},
  volume={13},
  number={1},
  pages={50--61},
  year={2018}
}


@inproceedings{jain2019attentionNotExplanation,
    title = "{A}ttention is not explanation",
    author = "Jain, Sarthak  and
      Wallace, Byron C.",
    booktitle = "Proceedings of the 2019 Conference of the North {A}merican Chapter of the Association for Computational Linguistics: Human Language Technologies, Volume 1 (Long and Short Papers)",
    year = "2019",
    address = "Minneapolis, Minnesota",
    publisher = "Association for Computational Linguistics",
    url = "https://www.aclweb.org/anthology/N19-1357",
    doi = "10.18653/v1/N19-1357",
    pages = "3543--3556",
}

@inproceedings{wiegreffe2019attentionNotNot,
    title = "Attention is not not Explanation",
    author = "Wiegreffe, Sarah  and
      Pinter, Yuval",
    booktitle = "Proceedings of the 2019 Conference on Empirical Methods in Natural Language Processing and the 9th International Joint Conference on Natural Language Processing (EMNLP-IJCNLP)",
    year = "2019",
    address = "Hong Kong, China",
    publisher = "Association for Computational Linguistics",
    url = "https://www.aclweb.org/anthology/D19-1002",
    doi = "10.18653/v1/D19-1002",
    pages = "11--20",
}

@unpublished{wallace2019thoughts,
    title={Thoughts on ``{A}ttention is not not Explanation''},
    author = "Wallace, Byron C.",
    year = 2019,
    note    = "Blog post. Retrieved from \url{https://medium.com/@byron.wallace/thoughts-on-attention-is-not-not-explanation-b7799c4c3b24} (April 20, 2021)."
}

@inproceedings{arras2019evaluating,
    title = "Evaluating Recurrent Neural Network Explanations",
    author = {Arras, Leila  and
      Osman, Ahmed  and
      M{\"u}ller, Klaus-Robert  and
      Samek, Wojciech},
    booktitle = "Proceedings of the 2019 ACL Workshop BlackboxNLP: Analyzing and Interpreting Neural Networks for NLP",
    year = "2019",
    address = "Florence, Italy",
    publisher = "Association for Computational Linguistics",
    url = "https://www.aclweb.org/anthology/W19-4813",
    doi = "10.18653/v1/W19-4813",
    pages = "113--126",
}

@inproceedings{grimsley2020attentionNot,
    title = "Why Attention is Not Explanation: Surgical Intervention and Causal Reasoning about Neural Models",
    author = "Grimsley, Christopher  and
      Mayfield, Elijah  and
      R.S. Bursten, Julia",
    booktitle = "Proceedings of the 12th Language Resources and Evaluation Conference",
    year = "2020",
    address = "Marseille, France",
    publisher = "European Language Resources Association",
    url = "https://www.aclweb.org/anthology/2020.lrec-1.220",
    pages = "1780--1790",
    language = "English",
    ISBN = "979-10-95546-34-4",
}


@inproceedings{bastings2020elephant,
    title = "The elephant in the interpretability room: Why use attention as explanation when we have saliency methods?",
    author = "Bastings, Jasmijn  and
      Filippova, Katja",
    booktitle = "Proceedings of the Third BlackboxNLP Workshop on Analyzing and Interpreting Neural Networks for NLP",
    year = "2020",
    address = "Online",
    publisher = "Association for Computational Linguistics",
    url = "https://www.aclweb.org/anthology/2020.blackboxnlp-1.14",
    doi = "10.18653/v1/2020.blackboxnlp-1.14",
    pages = "149--155",
}

@inproceedings{tutek2020staying,
    title = "Staying True to Your Word: (How) Can Attention Become Explanation?",
    author = "Tutek, Martin  and
      \v{S}najder, Jan",
    booktitle = "Proceedings of the 5th Workshop on Representation Learning for NLP",
    year = "2020",
    address = "Online",
    publisher = "Association for Computational Linguistics",
    url = "https://www.aclweb.org/anthology/2020.repl4nlp-1.17",
    doi = "10.18653/v1/2020.repl4nlp-1.17",
    pages = "131--142",
}

@inproceedings{pruthi2020deceive,
    title = "Learning to Deceive with Attention-Based Explanations",
    author = "Pruthi, Danish  and
      Gupta, Mansi  and
      Dhingra, Bhuwan  and
      Neubig, Graham  and
      Lipton, Zachary C.",
    booktitle = "Proceedings of the 58th Annual Meeting of the Association for Computational Linguistics",
    year = "2020",
    address = "Online",
    publisher = "Association for Computational Linguistics",
    url = "https://www.aclweb.org/anthology/2020.acl-main.432",
    doi = "10.18653/v1/2020.acl-main.432",
    pages = "4782--4793",
}

@inproceedings{mohankumar2020towards,
    title = "Towards Transparent and Explainable Attention Models",
    author = "Mohankumar, Akash Kumar  and
      Nema, Preksha  and
      Narasimhan, Sharan  and
      Khapra, Mitesh M.  and
      Srinivasan, Balaji Vasan  and
      Ravindran, Balaraman",
    booktitle = "Proceedings of the 58th Annual Meeting of the Association for Computational Linguistics",
    year = "2020",
    address = "Online",
    publisher = "Association for Computational Linguistics",
    url = "https://www.aclweb.org/anthology/2020.acl-main.387",
    doi = "10.18653/v1/2020.acl-main.387",
    pages = "4206--4216",
}

@inproceedings{serrano2019attention,
    title = "Is Attention Interpretable?",
    author = "Serrano, Sofia  and
      Smith, Noah A.",
    booktitle = "Proceedings of the 57th Annual Meeting of the Association for Computational Linguistics",
    year = "2019",
    address = "Florence, Italy",
    publisher = "Association for Computational Linguistics",
    url = "https://www.aclweb.org/anthology/P19-1282",
    doi = "10.18653/v1/P19-1282",
    pages = "2931--2951",
}


@inproceedings{moradi2019interrogating,
    title = "Interrogating the Explanatory Power of Attention in Neural Machine Translation",
    author = "Moradi, Pooya  and
      Kambhatla, Nishant  and
      Sarkar, Anoop",
    booktitle = "Proceedings of the 3rd Workshop on Neural Generation and Translation",
    year = "2019",
    address = "Hong Kong",
    publisher = "Association for Computational Linguistics",
    url = "https://www.aclweb.org/anthology/D19-5624",
    doi = "10.18653/v1/D19-5624",
    pages = "221--230",
}

@inproceedings{sun2020understanding,
    title = "Understanding Attention for Text Classification",
    author = "Sun, Xiaobing  and
      Lu, Wei",
    booktitle = "Proceedings of the 58th Annual Meeting of the Association for Computational Linguistics",
    year = "2020",
    address = "Online",
    publisher = "Association for Computational Linguistics",
    url = "https://www.aclweb.org/anthology/2020.acl-main.312",
    doi = "10.18653/v1/2020.acl-main.312",
    pages = "3418--3428",
}

@inproceedings{clark2019bert-attention,
    title = "What Does {BERT} Look at? {A}n Analysis of {BERT}{'}s Attention",
    author = "Clark, Kevin  and
      Khandelwal, Urvashi  and
      Levy, Omer  and
      Manning, Christopher D.",
    booktitle = "Proceedings of the 2019 ACL Workshop BlackboxNLP: Analyzing and Interpreting Neural Networks for NLP",
    year = "2019",
    address = "Florence, Italy",
    publisher = "Association for Computational Linguistics",
    url = "https://www.aclweb.org/anthology/W19-4828",
    doi = "10.18653/v1/W19-4828",
    pages = "276--286",
}

@inproceedings{chakrabarty2019pay,
    title = "Pay {``}Attention{''} to your Context when Classifying Abusive Language",
    author = "Chakrabarty, Tuhin  and
      Gupta, Kilol  and
      Muresan, Smaranda",
    booktitle = "Proceedings of the Third Workshop on Abusive Language Online",
    year = "2019",
    address = "Florence, Italy",
    publisher = "Association for Computational Linguistics",
    url = "https://www.aclweb.org/anthology/W19-3508",
    doi = "10.18653/v1/W19-3508",
    pages = "70--79",
}

%%%%%%%%%%%%%%%%%%%%
%%% OTHER PAPERS %%%
%%%%%%%%%%%%%%%%%%%%

@inproceedings{cho2014gru,
    title = "Learning Phrase Representations using {RNN} Encoder{--}Decoder for Statistical Machine Translation",
    author = {Cho, Kyunghyun  and
      van Merri{\"e}nboer, Bart  and
      Gulcehre, Caglar  and
      Bahdanau, Dzmitry  and
      Bougares, Fethi  and
      Schwenk, Holger  and
      Bengio, Yoshua},
    booktitle = "Proceedings of the 2014 Conference on Empirical Methods in Natural Language Processing ({EMNLP})",
    year = "2014",
    address = "Doha, Qatar",
    publisher = "Association for Computational Linguistics",
    url = "https://www.aclweb.org/anthology/D14-1179",
    doi = "10.3115/v1/D14-1179",
    pages = "1724--1734",
}

@article{lin1991divergence,
  title={Divergence measures based on the {S}hannon entropy},
  author={Lin, Jianhua},
  journal={IEEE Transactions on Information theory},
  volume={37},
  number={1},
  pages={145--151},
  year={1991},
  publisher={IEEE}
}

@article{kullback1951information,
  title={On information and sufficiency},
  author={Kullback, Solomon and Leibler, Richard A},
  journal={Annals of Mathematical Statistics},
  volume={22},
  number={1},
  pages={79--86},
  year={1951},
}

@article{scikit-learn,
 title={Scikit-learn: Machine Learning in {P}ython},
 author={Pedregosa, F. and Varoquaux, G. and Gramfort, A. and Michel, V.
         and Thirion, B. and Grisel, O. and Blondel, M. and Prettenhofer, P.
         and Weiss, R. and Dubourg, V. and Vanderplas, J. and Passos, A. and
         Cournapeau, D. and Brucher, M. and Perrot, M. and Duchesnay, E.},
 journal={Journal of Machine Learning Research},
 volume={12},
 pages={2825--2830},
 year={2011}
}
