%%%%%%%%%%%%%%%%%%%%%
%%% SEXIST TWEETS %%%
%%%%%%%%%%%%%%%%%%%%%

@inproceedings{chiril2020he,
  title={He said “who’s gonna take care of your children when you are at {ACL}?”: Reported Sexist Acts are Not Sexist},
  author={Chiril, Patricia and Moriceau, V{\'e}ronique and Benamara, Farah and Mari, Alda and Origgi, Gloria and Coulomb-Gully, Marl{\`e}ne},
  booktitle={Proceedings of the 58th Annual Meeting of the {A}ssociation for {C}omputational {L}inguistics},
  pages={4055--4066},
  year={2020}
}

@inproceedings{chiril2020annotated,
  title={An annotated corpus for sexism detection in {F}rench tweets},
  author={Chiril, Patricia and Moriceau, V{\'e}ronique and Benamara, Farah and Mari, Alda and Origgi, Gloria and Coulomb-Gully, Marl{\`e}ne},
  booktitle={Proceedings of the 12th Language Resources and Evaluation Conference (LREC 2020)},
  pages={1397--1403},
  year={2020}
}

% Online journal that publishes many articles outside of volumes/issues and does not have page numbers.
@article{poletto2020resources,
  title={Resources and benchmark corpora for hate speech detection: A systematic review},
  author={Poletto, Fabio and Basile, Valerio and Sanguinetti, Manuela and Bosco, Cristina and Patti, Viviana},
  journal={Language Resources and Evaluation},
  year={2020},
  publisher={Springer}
}

@inproceedings{fersini2018overview,
  title={Overview of the Task on Automatic Misogyny Identification at {I}ber{E}val 2018.},
  author={Fersini, Elisabetta and Rosso, Paolo and Anzovino, Maria},
  booktitle={Proceedings of the Third Workshop on Evaluation of Human Language Technologies for Iberian Languages (IberEval 2018)},
  pages={214--228},
  year={2018}
}

@inproceedings{anzovino2018automatic,
  title={Automatic identification and classification of misogynistic language on {T}witter},
  author={Anzovino, Maria and Fersini, Elisabetta and Rosso, Paolo},
  booktitle={Proceedings of the 23rd International Conference on Applications of Natural Language to Information Systems (NLDB 2018)},
  pages={57--64},
  year={2018},
  organization={Springer}
}

@article{dupre2020violences,
  title={Violences de genre et discours post-f{\'e}ministes sur {T}witter: Le cas de l’affaire {O}relsan [{G}endered violence and post-feminist discourses on {T}witter: The case of {O}relsan]},
  author={Dupr{\'e}, Delphine and Gramaccia, Gino},
  journal={Les Enjeux de l’Information et de la Communication},
  pages={91--112},
  volume={21},
  number={1},
  year={2020}
}

@inproceedings{fersini2020ami,
  title={{AMI} @ {EVALITA}2020: Automatic misogyny identification},
  author={Fersini, Elisabetta and Nozza, Debora and Rosso, Paolo},
  booktitle={Proceedings of the 7th Evaluation Campaign of Natural Language Processing and Speech Tools for Italian ({EVALITA} 2020)},
  year={2020}
}

@article{frenda2019online,
  title={Online hate speech against women: Automatic identification of misogyny and sexism on {T}witter},
  author={Frenda, Simona and Ghanem, Bilal and Montes-y{-}G{\'o}mez, Manuel and Rosso, Paolo},
  journal={Journal of Intelligent \& Fuzzy Systems},
  volume={36},
  number={5},
  pages={4743--4752},
  year={2019},
  publisher={IOS Press}
}

@inproceedings{jha2017compliment,
  title={When does a compliment become sexist? {A}nalysis and classification of ambivalent sexism using {T}witter data},
  author={Jha, Akshita and Mamidi, Radhika},
  booktitle={Proceedings of the Second Workshop on Natural Language Processing and Computational Social Science},
  pages={7--16},
  year={2017}
}

@article{pamungkas2020misogyny,
  title={Misogyny detection in {T}witter: A multilingual and cross-domain study},
  author={Pamungkas, Endang Wahyu and Basile, Valerio and Patti, Viviana},
  journal={Information Processing \& Management},
  volume={57},
  number={6},
  pages={102360},
  year={2020},
  publisher={Elsevier}
}

@article{rodriguez2020automatic,
  title={Automatic Classification of Sexism in Social Networks: An Empirical Study on {T}witter Data},
  author={Rodr{\'\i}guez-S{\'a}nchez, Francisco and Carrillo-de-Albornoz, Jorge and Plaza, Laura},
  journal={IEEE Access},
  volume={8},
  pages={219563--219576},
  year={2020},
  publisher={IEEE}
}

%%%%%%%%%%%%%%%%%%%%%
%%% OTHER SOURCES %%%
%%%%%%%%%%%%%%%%%%%%%

@InProceedings{le2020flaubert,
  author    = {Le, Hang  and  Vial, Lo\"{i}c  and  Frej, Jibril  and  Segonne, Vincent  and  Coavoux, Maximin  and  Lecouteux, Benjamin  and  Allauzen, Alexandre  and  Crabb\'{e}, Beno\^{i}t  and  Besacier, Laurent  and  Schwab, Didier},
  title     = {FlauBERT: Unsupervised Language Model Pre-training for French},
  booktitle = {Proceedings of The 12th Language Resources and Evaluation Conference},
  year      = {2020},
  address   = {Marseille, France},
  publisher = {European Language Resources Association},
  pages     = {2479--2490},
  url       = {https://www.aclweb.org/anthology/2020.lrec-1.302}
}

@inproceedings{wolf2020transformers,
    title = "Transformers: State-of-the-Art Natural Language Processing",
    author = "Wolf, Thomas  and
      Debut, Lysandre  and
      Sanh, Victor  and
      Chaumond, Julien  and
      Delangue, Clement  and
      Moi, Anthony  and
      Cistac, Pierric  and
      Rault, Tim  and
      Louf, Remi  and
      Funtowicz, Morgan  and
      Davison, Joe  and
      Shleifer, Sam  and
      von Platen, Patrick  and
      Ma, Clara  and
      Jernite, Yacine  and
      Plu, Julien  and
      Xu, Canwen  and
      Le Scao, Teven  and
      Gugger, Sylvain  and
      Drame, Mariama  and
      Lhoest, Quentin  and
      Rush, Alexander",
    booktitle = "Proceedings of the 2020 Conference on Empirical Methods in Natural Language Processing: System Demonstrations",
    year = "2020",
    address = "Online",
    publisher = "Association for Computational Linguistics",
    url = "https://www.aclweb.org/anthology/2020.emnlp-demos.6",
    doi = "10.18653/v1/2020.emnlp-demos.6",
    pages = "38--45",
}

@inproceedings{kutuzov2017word,
  title={Word vectors, reuse, and replicability: {T}owards a community repository of large-text resources},
  author={Kutuzov, Andrei and Fares, Murhaf and Oepen, Stephan and Velldal, Erik},
  booktitle={Proceedings of the 58th Conference on Simulation and Modelling},
  pages={271--276},
  year={2017},
  address={Gothenburg, Sweden},
  organization={Link{\"o}ping University Electronic Press}
}

@inproceedings{mikolov2013distributed,
 author = {Mikolov, Tomas and Sutskever, Ilya and Chen, Kai and Corrado, Greg S and Dean, Jeff},
 booktitle = {Advances in Neural Information Processing Systems 26 (NIPS 2013)},
 editor = { Burges,C. J. C. and Bottou, L.  and Welling,M.  and Ghahramani, Z.  and Weinberger, K. Q. },
 publisher = {Curran Associates, Inc.},
 title = {Distributed Representations of Words and Phrases and their Compositionality},
 volume = {26},
 year = {2013}
}

@inproceedings{devlin2019bert,
    title = "{BERT}: Pre-training of Deep Bidirectional Transformers for Language Understanding",
    author = "Devlin, Jacob  and
      Chang, Ming-Wei  and
      Lee, Kenton  and
      Toutanova, Kristina",
    booktitle = "Proceedings of the 2019 Conference of the North {A}merican Chapter of the Association for Computational Linguistics: Human Language Technologies, Volume 1 (Long and Short Papers)",
    year = "2019",
    address = "Minneapolis, Minnesota",
    publisher = "Association for Computational Linguistics",
    url = "https://www.aclweb.org/anthology/N19-1423",
    doi = "10.18653/v1/N19-1423",
    pages = "4171--4186",
}

@inproceedings{fares2017word,
    title = " Word vectors, reuse, and replicability: Towards a community repository of large-text resources",
    author = "Fares, Murhaf and Kutuzov, Andrei and Oepen, Stephan and Velldal, Erik",
    booktitle = "Proceedings of the 21st Nordic Conference on Computational Linguistics (NoDaLiDa)",
    editot={Tiedemann, J\"{o}rg},
    year = "2017",
    address = "Gothenburg, Sweden",
    publisher = "Link\o{}ping University Electronic Press",
    pages = "271--276",
}